@article{Smith2013,
author = {Smith, Lloyd M and Kelleher, Neil L},
doi = {10.1038/nmeth.2369},
file = {:C$\backslash$:/Users/antho/Documents/Mendeley Desktop/Nature methods/Smith, Kelleher - 2013 - Proteoform a single term describing protein complexity.pdf:pdf},
isbn = {1531-2291},
issn = {1548-7105},
journal = {Nature methods},
keywords = {Databases, Genetic,Genome, Human,Human Genome Project,Humans,Protein Conformation,Protein Isoforms,Protein Isoforms: chemistry,Protein Isoforms: genetics,Terminology as Topic},
number = {3},
pages = {186--7},
pmid = {23443629},
publisher = {Nature Publishing Group},
title = {{Proteoform: a single term describing protein complexity.}},
url = {http://www.pubmedcentral.nih.gov/articlerender.fcgi?artid=4114032{\&}tool=pmcentrez{\&}rendertype=abstract},
volume = {10},
year = {2013}
}